114475104069459266855728763726591316328584441407047638998085667751763275077451
56
20523084154038877891584398694939673440129155943649161892929307649206376039931 82921741702761394941154443921940212513024096380741454252872914713802462966971
69825546517964291757029141093732880743456644939976290865945585694215125502329 53564768359070906523228357897319229450686864748120695047139681729500976650041
37128029071841677943793473815155475364733429502572892118148228269958226378816 16285724383908940907499195431190414659226544099649430276128992985988473716442
71728801986059534251942556201292506085633503986794004941565426448099831950142 48374996022064557215883321829356343420755484091824397790947236356155891995745
12573117011345217317009303763273182450689478880134402847244491852566436306257 84382791925509329041124974710598000243343495287713528958200809585482959182564
38946028353732149127366990739184758158555734997473659212281436455710050600213 110277386444367159360603872996351328963763753942749569960605254849968566261587
91668375325738663365663358503537181421024063485753500156693979725666749663206 77930473160366494188246437500675496720057355453249725984165531464451865191547
82451417001953646050574472893916314614148840985866633440603832330135456463472 7409986724843304168868116472074339093429590703239806142136700184399037605207
48560739473271424407495207624210258919611892482624515983920399195660607007572 74678684628417507532798037059123860789855121980825039449550738772638775520336
109500777469743488113513852948806307496278554956797007532960269381201140084769 74498121776749735523463454153246791571356722266322867785129149542432955869561
51714503708139774763424844580665837318204255200138178688611910035544579502919 974647020908477928063756278321681436571231147526099715090960450438075250697
104340402329910737410886313842328420454965825892789940371423525240575253994954 76228318395961967900524411198234446505219742681297976394777332241125355318235
114045749301939876105987993626070160721234363370885407956112696298062985190517 14450930492797127334660420941130102098792518503335473125791472931733071678281
79501550243804288425201490971695755703783046728476242227011215383446499398758 16038088101704962457324385244796871487678230877752446007505450374866032705236
34510113438605501351268375059688511070010963844578745196720686282898856666693 15232960943977081200921901463764010792004629250544014027419122476941447256686
74624085025051620599818889532514125889510213323625164848564018153897471153051 115597603861363617485594189968528773238475083288838823931875254648310870825694
1348999843725764946032988651815665106776025722800413438785872280893807002147 52726008378773130506413565297612034556113299206190356724425380653102271815883
37123198987862370388718456807575691021554012373711059413422619567844156681929 39338544763672492600999356323302397332459127836436068678734027190975543595615
29763843169391853699011989065499441096444727889989737167521685574915593770685 32110708997122755128529178305910208758745432875810075689876518836129332451870
100068494800031947682320358016406531228652323605896469801064898405078490144336 32998466315610717672368291352939725119987081446576204105567910267307268585998
54818437812085009126185718686974071025022247963933581725612418571338770421758 59359661179090813249131566970841553975552549637782128830180135928306548970944
89979100286349743665095344165510205105392743842787227964225541287792779520033 62617346187086477699079717259723771237652157662812089300534621485060430291761
40038911426724239698042461467114397855464769844941325591380722619766741513191 11714880746725335566791587206542900999732133707787384120389570600608248736893
40047184729080446225308895763644302096775425063797106851441789175570726201925 2589775318345736581812321072246469824966721455802477295082036983183070336703
110914125480579388134235237598595690657054732148056223694734658810890800332574 42493697857996739935794371351434024969431855782039066137062914623428912507205
75253909469246567992914905727604370556974165595128868119972586477741595461735 11270239631423182527032276118978939189640637304957076975761363648471124612415
66255215150051812723660818881817269178073355034183107546875111575921044696272 88733367115542455262217147607110778166828096679902263565760425033558121826983
60692494034753891097726012818039107604726586271894790781414138573802624298324 69830423249862914932686657811060548156619415140552606293582833845994263127657
109493250255575823826786538094799267216680548543082415082269052121921634205524 56933486557837917179578263612102422081355689391157627686914393243826229744737
59798913395977370410119131746646332030167257408150033700160597447888803837646 104341924545957532690806837796628150591882071742758465726563244447628532811243
7114001459196146752051206061523853052373777760895773301968510718083649242049 94794517506286265387529696773442853722464161405081029206155155330682634985086
21231146973595491549657564315075604162427509226863587728295544240742968031354 49143007157534973494811646116304891900686151047151492599956222295563154785116
59506130035440464838669005181907115324827439539929289623879353562231513948860 45612866601577900471546626618820537711546951965811162864774360063778918406024
99529986881857688205959394545987909971687824295056916811833980808499511069534 13234071373468395677712940150389956109169560029404574150633544139350627432877
41022237423619704108937529237001139346213818391411514011235794510904932444728 77702820346982033180799017358849245186346412351414411844210761962603343200290
91919029917022510651012836723724373037352600753350960842866665059563250305718 10027554586731106545399476625929855709383145523092277592014892167245413842166
98164878274809194954513199654605348879590618660660559722776494504551082108058 60904822538110153261091503064379390156756252157949307330854918415553033872158
65979897926810324338380255846983050731524589872947410882530373284410387427360 28632711537752901117895499789387836162975772733062795044380618305729949601066
103774991171992867729875174684287834817768914778332720092574336551025077529400 71676369048409666495066372556608148945327591535697479705028471058573402703158
51541107246319802931103874444853559865985328131848866432904759219278988832773 20710815945516161830667448219333123433017042846218131070109891443405911904736
83580904347617264944530917292639076248436053241669009109995070022145566869307 55883611537252962862065153736644586685490325929461885751686884715665607763527
101614657897555855958338148631455905439203231626272283672589240831290202350150 96093814890039285849341247307672461142531929601054113251685179689853336042817
106419612125750310542737515939853787604788782896728995411634844632875002126127 37963426764057987797207768294002760571846579043603410825961343093418960283749
85514011612471069945202671638011981451311604886080723636332814007448885997544 46102128103954734807463322535552131973373018625272877904937257829471187542657
51460621702839944500968580613313876011610390334356570784677165417530706625546 24833710505135794486566040084747806146507773108342710396990201009446116013522
98745098363822409162115668310435887861504139061060308342290825613990546876189 107758067054031640657712267306022030037153721317039932081364367952785818772039
96798257222245062577716313717400762796872783881743061666112550977108397434646 33586837875054618621165838710090874782736299939736503082375330257363697929896
1530025779206831636053358430097999672754211956394483719197951643852805137744 70251109027888800208944881356549485473476065919083986093475985560179942358544
69341853592837773411702922993950926596604948876233809002753934676366678850156 113118423678364697555413066134732927571921401916655763122874316102945249696946
88750782320337127792577173637390332129856678593795006550845568270329408057107 13080342410864667626430390512040527711258486890443559520425324913154835334643
15597633575915241703014331836511419260251015544687536754728334762816704651732 93292467204474454870277720679031926233461858465400899179264856956686696627400
22919821504419582572310751272020349963550316500467362130220529626322154388393 22271245552619490703251752313231827213442160101239091433947662309006179519425
73171398843202668962741770151764471417752372575196761469831736573619125254477 35622478219908279390188701564797797944184390346512394422500856997957262873919
14238326638883514834768067340954137741152882446075918652336347869741885121530 70903380517487500528621804047164610150475922104693415373302109921623156516721
37970884228267386738546264561103369151432581399425803349598420849017284044271 61437490425212489083647645891669126615547581587297312127009152944028390486009
32660090446278180756957341997288453782701869695678473586942800004715978084689 96624330554734705912332035821027411098305400656018194960734822653968247317911
86903373956511840005203911234033714546200851474499198765258151519141800094760 39386438294629511668370313853093193846636602671844031697987461568880485289712
110104859424445647300510949048392884288856241341557674999300463802432508046075 56101637107417687104658418999887715914513787042184254577582169309246293175556
35304739413970008824703115790278515542504613794703827092298320955253693436756 37655908482767716908615294574621148483380878222177775029954869719771583295367
8978136848744303086845844913369372554175996554509807566326148511824751426457 99686946976954628917361089589839037889400708013494206019261754158652221424474
93087842028367047872520998716766014203553639184191190960179090144994316398710 27639970702182069643359905309998832696280416935675392114020688009234735572578
80451375884127795759044926494437359046679467993994256384774194361077036898731 85305015211921167120593151980119044898715722246944215586272911120165840514049
38126857250281798561438071781641044261571092039230272994638524074805534153151 37985565813547417176222366665885350214131889001958804943506733146949404267308
1471498743570043437465733079405679505933513204758278490716764116475474033748 70543161264556459465788727700389164616088525036485121126447118624506703816792
60833092926144717512469741821638068382508474163469033387665503703160293809568 23189295535668407153962102444206496200184854978187301839311447101306106651007
66096146506352247968173460665049843084736567982010151670480177807493215610609 79765902231295530588623957065098146986714058614301349741351931624259212011022
102866336390203158383710272831637412680555591410149814059671617850958401447438 24008213762442281327555183758151873562899999113110047654839660263183548876196
16590634110046157993959791156196925222023235644343513764894547244544600145435 113658630306258518975744774089052380637725031557425900314255020264370212011872
67322596579314795081341719015806349878590031753472105298933436538729567461388 102545029268245834436706813020566739460127919196734812169952303893969527206640
20567271360424434949996077322429505754748354371139842174240456446482377047099 10485947990359603718290271295094882030217712648699004025203961232116928342652
75593806248490977423612460265144807154502118066689981886962933151462322855239 47234557670043619869233360566275894002323436209401774441413776144454992106590
22900510349301810113755586373706322057533664147304757409410879030043094241451 112321499975643451260354320318115298051241532759200187347717185984268040525805
86084828072670804244172341844998789854359218518100359196843944811224750860817 23087755599049531690793312896349750343108894426608144089237369595582090439152
103083111612367122285528798994769821061809919898549648800813737548072759073808 13869522422470232987840980760537465729025340869129162723605550145775646110206
36820153354204836000444459245544975839101055542426112741351641510477781441815 41959572910788285088468789341075400888030226980646963187668642977550623459540
4304985171860228933137922657205865681786328605711703005552760703041369548130 64395633989424335340119231567924745023778147852753081891964909515607506998985
16649654132553409223200049939086396732390483330712639606770467182203164072948 92133271185895831170633259455881838562302879348366077990613553228995962243225
26213601247704671374755719292126388143116517308484984601696822808407200766713 114068731691394971227003202111698429695254266431834636839452693608639628289064
83121011578345319296872002781293736722440428330678929898795751545458033845236 62079972809071902494824021754605270752032343236270146947044310645590082912345
74463972719030068829653555126469097561399711906589579556319919921883086151094 26311236252517750984730680055532486653876303888792265067679151909024669349714
7671778264363532105831591498214965705265684033993836601191686747736222527904 66936986238348825139544309158260725565690175263195685604216162769121531626665
79032930219268803864892670686136590739201528957889666823351173796789019188563 73377707125722881148879224212628917185370810157329251902791644765663659143808
89794851209551539456674777280293656339674076620153087070348980638238042670823 103066292876464237602052857588541295594447422565252286806162843360858196170755
4939274753646286599791364530460275450492759591813781190260157808063119538663 110367188324392990451561639438344468720259449781656958249404467812953354273299
8034758887512178064387272942301533934439991320061645724567242274569685352203 29440286500338998382179309615449388174974426272430986315966660867359027547920
20094864158346528744596131530392473193399292347129887443498922919912484303557 8223781217174442404955146935550812606162565298309310454051620492363426943444
53198659803458745890171128391712229981265296048000684912381217032351752319130 53079983770112974056005831962916710886569967939029159056481360491185014372399
92842933438792051308269190480601991905262146028930080562054154699446927393183 48813227535413846221800413732711677463597675613581227239670695849523648653519
102422275680939322199363636800377466338324140120687189767119413625684044820152 104612803475199347222996225569700819632191551106091883480332965482382344837276
10448395873709441854631872209022948410142296980207775411841295311624466275666 114362736986519580095709005392371558859762029184686829369761738477296288371436
33532421880585737065400576760077549721609321615169749761763092928113427164704 38390914059915219381231614533152455568916039204660800484250602594819671535468
71959449160778754910760588002890979555711721972410794341664455755711345496939 46295840617667006837817056923189793887237972937399539840511220372374372029368
102727007276103111891866109493970911516384993062550786315815398884701154869301 13870509029129540855889241874686155549652239219712866169497871324987267665779
23796736092568222267050202343255907573080111325906398483114009456411823152743 19853793431433001327764899087056470005095000219513808614723281718472932225720
51521755506548062936984460041036452706942208565478199533131355146406790836598 75952132009934089293882471552418665289347328953670033491071014440493579185153
115636125094465298139840490369970618375873326859545223010114590710885431649025 71987731890194198509075197508598011471907072887988174548796135666705450170809
113131484816256163129834904737391226376254507187908476148626985150854720085485 3424698359497335791980406353298186844404052872148729065164329083004722746930
46143244708881401456000570462221275554775014792625493777603564676948499458364 74557411659800149943120001252925928672601254978228385178840434232257770443221
37566612094329894485223636920058100575694992119502724446095896878216230281533 61363315459795555015785356621914713740503361644177000791979508715484049445273
27414604365171087838683082521549877090825886407895106035116485700051790961097 75502197422630657726664693246022827996694074688458409621049152198103724486525
24173465227014008962142039807375856230503458087071051228736051230996210067842 65896910839400178866884692712602427836649182038157728584848086068810926251759
4055706575737709839981418712164311400380398960338233691451202041996797950094 41085774118430023863536071685419409062587937192647685978579169286644634741828
114449850398570486142184421652583227575093250197814241587293943316878718915441 102022466574042357917618219151234733532149799439691220368382681758968493048785
47654780092680270586562119750441636565877393120803268920535095698915186594861 46592576191238987814439173372969627620370066191725755257537886263137881816206
16267969961500444525863530379086480197454280424621475142825944605133909567700 101917553078602883660942391854858700000423406327720357766882305012494563549499
83143376030291399504981353215405120987812500973579200423371073714798811116818 50890749829868910190948034627621454571123054910142273542028085114395065344192
82526023543467496611556144499320862122904904600652724778909611341461826974612 87208158198539027752906843946710294614341062618470169749283593112219846190854
19953121486848742673574369559167070811224305436633496535925808045209787740184 55896252245693859184418425104601300843999593336772540999269023287082811652597
23048101177294438687797955442457651756687831312575327962123001464292499623991 52780345881611923467139105994104725355189653619398458398839118182426484274959
32061052938227328949505615227634295526587630221082526312603702451529614959778 81099583835168924592233631381266893050937236627245789332051383431182655011321
33830370286517333090696160977329047209376758451278292414651710060709566894149 27432701419588239656364949103084598972087242419224819265278240491683452455845
91594467717832640973908551714025547804031216730514744416406304944945770564505 111630498595960528182253802584883324663331785336418439660451489946494369072844

